@book {Bergman:2012,
    AUTHOR = {Bergman, Clifford},
     TITLE = {Universal algebra},
    SERIES = {Pure and Applied Mathematics (Boca Raton)},
    VOLUME = {301},
      NOTE = {Fundamentals and selected topics},
 PUBLISHER = {CRC Press, Boca Raton, FL},
      YEAR = {2012},
     PAGES = {xii+308},
      ISBN = {978-1-4398-5129-6},
   MRCLASS = {08-02 (06-02 08A40 08B05 08B10 08B26)},
  MRNUMBER = {2839398 (2012k:08001)},
MRREVIEWER = {Konrad P. Pi{\'o}ro},
}
@book{Ahlfors:1968,
   AUTHOR = {Ahlfors, Lars V.},
    TITLE = {Complex analysis},
  EDITION = {Third},
     NOTE = {An introduction to the theory of analytic functions of one
             complex variable,
             International Series in Pure and Applied Mathematics},
PUBLISHER = {McGraw-Hill Book Co., New York},
     YEAR = {1978},
    PAGES = {xi+331},
     ISBN = {0-07-000657-1},
  MRCLASS = {30-01},
 MRNUMBER = {510197},
      URL = {https://amzn.to/2FD9SKZ}
}   
@book{Aliprantis:1998,
    AUTHOR = {Aliprantis, Charalambos D. and Burkinshaw, Owen},
     TITLE = {Principles of real analysis},
   EDITION = {Third},
 PUBLISHER = {Academic Press, Inc., San Diego, CA},
      YEAR = {1998},
     PAGES = {xii+415},
      ISBN = {0-12-050257-7},
   MRCLASS = {28-01 (00A07 26-01)},
  MRNUMBER = {1669668},
       URL = {https://amzn.to/2HNeqSD}
}
@book{Bear:2002,
   AUTHOR = {Bear, H. S.},
    TITLE = {A primer of {L}ebesgue integration},
  EDITION = {Second},
PUBLISHER = {Academic Press, Inc., San Diego, CA},
     YEAR = {2002},
    PAGES = {xii+164},
     ISBN = {0-12-083971-7},
  MRCLASS = {28-01 (26-01 26A42)},
 MRNUMBER = {1849346},
} 
@book{Conway:1978,
    AUTHOR = {Conway, John B.},
     TITLE = {Functions of one complex variable},
    SERIES = {Graduate Texts in Mathematics},
    VOLUME = {11},
   EDITION = {Second},
 PUBLISHER = {Springer-Verlag, New York-Berlin},
      YEAR = {1978},
     PAGES = {xiii+317},
      ISBN = {0-387-90328-3},
   MRCLASS = {30-01},
  MRNUMBER = {503901},
MRREVIEWER = {P. Lappan},
       URL = {https://amzn.to/2FFqjXf}
}
@book{Folland:1999,
   AUTHOR = {Folland, Gerald B.},
    TITLE = {Real analysis},
   SERIES = {Pure and Applied Mathematics (New York)},
  EDITION = {Second},
     NOTE = {Modern techniques and their applications,
             A Wiley-Interscience Publication},
PUBLISHER = {John Wiley \& Sons, Inc., New York},
     YEAR = {1999},
    PAGES = {xvi+386},
     ISBN = {0-471-31716-0},
  MRCLASS = {00A05 (26-01 28-01 46-01)},
 MRNUMBER = {1681462},
      URL = {https://amzn.to/2HPAD2u}
}
@book{Munkres:2000,
   AUTHOR = {Munkres, James R.},
    TITLE = {Topology},
  EDITION = {Second},
PUBLISHER = {Prentice Hall, Inc., Upper Saddle River, NJ},
     YEAR = {2000},
    PAGES = {xvi+537},
     ISBN = {0-13-181629-2},
  MRCLASS = {54-01},
 MRNUMBER = {3728284},
      URL = {https://amzn.to/2V5NMHn}
}
@book{Sarason:2007,
   AUTHOR = {Sarason, Donald},
    TITLE = {Complex function theory},
  EDITION = {Second},
PUBLISHER = {American Mathematical Society, Providence, RI},
     YEAR = {2007},
    PAGES = {xii+163},
     ISBN = {978-0-8218-4428-1; 0-8218-4428-8},
  MRCLASS = {30-01},
 MRNUMBER = {2368077},
      URL = {https://amzn.to/2uBWxgN}
}
	@book{Stein:2003,
    AUTHOR = {Stein, Elias M. and Shakarchi, Rami},
     TITLE = {Complex analysis},
    SERIES = {Princeton Lectures in Analysis},
    VOLUME = {2},
 PUBLISHER = {Princeton University Press, Princeton, NJ},
      YEAR = {2003},
     PAGES = {xviii+379},
      ISBN = {0-691-11385-8},
   MRCLASS = {30-01},
  MRNUMBER = {1976398},
MRREVIEWER = {Heinrich Begehr},
       URL = {https://amzn.to/2FH3UIO}
}
@book{Royden:1988,
    AUTHOR = {Royden, H. L.},
     TITLE = {Real analysis},
   EDITION = {Third},
 PUBLISHER = {Macmillan Publishing Company, New York},
      YEAR = {1988},
     PAGES = {xx+444},
      ISBN = {0-02-404151-3},
   MRCLASS = {00A05 (26-01 28-01 46-01)},
  MRNUMBER = {1013117},
       URL = {https://amzn.to/2V5O5C1}
}
@book{Rudin:1987,
    AUTHOR = {Rudin, Walter},
     TITLE = {Real and complex analysis},
   EDITION = {Third},
 PUBLISHER = {McGraw-Hill Book Co., New York},
      YEAR = {1987},
     PAGES = {xiv+416},
      ISBN = {0-07-054234-1},
   MRCLASS = {00A05 (26-01 30-01 46-01)},
  MRNUMBER = {924157},
       URL = {https://amzn.to/2JTkoTB}
}
@book{Rudin:1991,
    AUTHOR = {Rudin, Walter},
     TITLE = {Functional analysis},
    SERIES = {International Series in Pure and Applied Mathematics},
   EDITION = {Second},
 PUBLISHER = {McGraw-Hill, Inc., New York},
      YEAR = {1991},
     PAGES = {xviii+424},
      ISBN = {0-07-054236-8},
   MRCLASS = {46-01 (47-01)},
  MRNUMBER = {1157815},
       URL = {https://amzn.to/2uK0Cjj}
}
@book{Rudin:1976,
    AUTHOR = {Rudin, Walter},
     TITLE = {Principles of mathematical analysis},
   EDITION = {Third},
      NOTE = {International Series in Pure and Applied Mathematics},
 PUBLISHER = {McGraw-Hill Book Co., New York-Auckland-D\"{u}sseldorf},
      YEAR = {1976},
     PAGES = {x+342},
   MRCLASS = {26-02},
  MRNUMBER = {0385023},
       URL = {https://amzn.to/2CLGRfD}  
}
@book{Rudin:1990,
    AUTHOR = {Rudin, Walter},
     TITLE = {Fourier analysis on groups},
    SERIES = {Wiley Classics Library},
      NOTE = {Reprint of the 1962 original,
              A Wiley-Interscience Publication},
 PUBLISHER = {John Wiley \& Sons, Inc., New York},
      YEAR = {1990},
     PAGES = {x+285},
      ISBN = {0-471-52364-X},
   MRCLASS = {43-02 (01A75)},
  MRNUMBER = {1038803},
       DOI = {10.1002/9781118165621},
       URL = {https://amzn.to/2FHjKmK},
}
@book{Zygmund:2015,
   AUTHOR = {Wheeden, Richard L. and Zygmund, Antoni},
    TITLE = {Measure and integral},
   SERIES = {Pure and Applied Mathematics (Boca Raton)},
  EDITION = {Second},
     NOTE = {An introduction to real analysis},
PUBLISHER = {CRC Press, Boca Raton, FL},
     YEAR = {2015},
    PAGES = {xvii+514},
     ISBN = {978-1-4987-0289-8},
  MRCLASS = {28-01 (26-01 42-01)},
 MRNUMBER = {3381284},
      URL = {https://amzn.to/2V81Gc0}
}
